<?xml version="1.0" encoding="UTF-8"?><collection xmlns="http://www.loc.gov/MARC21/slim"><record><leader>00376nam--2200133-i-4500</leader><controlfield tag="001">000040257</controlfield><controlfield tag="002">20161230</controlfield><controlfield tag="005">20161230201042</controlfield><controlfield tag="008">060222s1000------------r-----000-0-eng-d</controlfield><datafield ind1=" " ind2=" " tag="080"><subfield code="a">621.039.516.232</subfield></datafield><datafield ind1=" " ind2=" " tag="100"><subfield code="a">Sandquist,Gary Marlin</subfield></datafield><datafield ind1=" " ind2=" " tag="245"><subfield code="a">Xenon-135 induced instabilities of the neutron flux in nuclear reactors</subfield></datafield><datafield ind1=" " ind2=" " tag="260"><subfield code="a">Idaho, Usaec.,1964. Xv + 272 P</subfield></datafield><datafield ind1=" " ind2=" " tag="852"><subfield code="a">24322</subfield></datafield></record></collection>